@online{einstein,
    author = "Albert Einstein",
    title = "{Zur Elektrodynamik bewegter K{\"o}rper}. ({German})
    [{On} the electrodynamics of moving bodies]",
    journal = "Annalen der Physik",
    volume = "322",
    number = "10",
    pages = "891--921",
    year = "1905",
    DOI = "http://dx.doi.org/10.1002/andp.19053221004",
    keywords = "physics"

}

@article{PhysRevLett.79.1626,
  title = {Positron Production in Multiphoton Light-by-Light Scattering},
  author = {Burke, D. L. and Field, R. C. and Horton-Smith, G. and Spencer, J. E. and Walz, D. and Berridge, S. C. and Bugg, W. M. and Shmakov, K. and Weidemann, A. W. and Bula, C. and McDonald, K. T. and Prebys, E. J. and Bamber, C. and Boege, S. J. and Koffas, T. and Kotseroglou, T. and Melissinos, A. C. and Meyerhofer, D. D. and Reis, D. A. and Ragg, W.},
  journal = {Phys. Rev. Lett.},
  volume = {79},
  issue = {9},
  pages = {1626--1629},
  numpages = {0},
  year = {1997},
  month = {Sep},
  publisher = {American Physical Society},
  doi = {10.1103/PhysRevLett.79.1626},
  url = {https://link.aps.org/doi/10.1103/PhysRevLett.79.1626}
}
