@online{einstein,
    author = "Albert Einstein",
    title = "{Zur Elektrodynamik bewegter K{\"o}rper}. ({German})
    [{On} the electrodynamics of moving bodies]",
    journal = "Annalen der Physik",
    volume = "322",
    number = "10",
    pages = "891--921",
    year = "1905",
    DOI = "http://dx.doi.org/10.1002/andp.19053221004",
    keywords = "physics"
    
}

@online{virtual-sa,
  author          = {Gordon Kane},
  journal         = {Scientific American},
  title           = {Are virtual particles really constantly popping in and out of existence? Or are they merely a mathematical bookkeeping device for quantum mechanics?},
  year            = {2006},
  month           = {October},
  url             = {https://www.scientificamerican.com/article/are-virtual-particles-rea/},  
}
@article{casimir-sa,
  author          = {Stephen Reucroft and John Swain},
  journal         = {Scientific American},
  title           = {What is the Casimir effect?},
  year            = {1998},
  url             = {https://www.scientificamerican.com/article/what-is-the-casimir-effec/},
  
}

@online{byjus,
  author          = {},
  journal         = {byjus},
  number          = {},
  title           = {},
  volume          = {},
  year            = {},
  url             = {https://byjus.com/physics/casimir-effect/},
}

@article{sim,
  author          = {Derek B. Leinweber},
  journal         = {},
  number          = {},
  title           = {Visualizations of Quantum Chromodynamics},
  volume          = {},
  year            = {2003},
  url             = {http://www.physics.adelaide.edu.au/theory/staff/leinweber/VisualQCD/ImprovedOperators/index.html}
}